@article{paszke2019pytorch,
  title={Pytorch: An imperative style, high-performance deep learning library},
  author={Paszke, Adam and Gross, Sam and Massa, Francisco and Lerer, Adam and Bradbury, James and Chanan, Gregory and Killeen, Trevor and Lin, Zeming and Gimelshein, Natalia and Antiga, Luca and others},
  journal={Advances in neural information processing systems},
  volume={32},
  pages={8026--8037},
  year={2019}
}

@inproceedings{abadi2016tensorflow,
  title={Tensorflow: A system for large-scale machine learning},
  author={Abadi, Martin and Barham, Paul and Chen, Jianmin and Chen, Zhifeng and Davis, Andy and Dean, Jeffrey and Devin, Matthieu and Ghemawat, Sanjay and Irving, Geoffrey and Isard, Michael and others},
  booktitle={12th \textit{USENIX} symposium on operating systems design and implementation (\textit{OSDI} 16)},
  pages={265--283},
  year={2016}
}

@software{jax2018github,
  author = {James Bradbury and Roy Frostig and Peter Hawkins and Matthew James Johnson and Chris Leary and Dougal Maclaurin and George Necula and Adam Paszke and Jake Vander{P}las and Skye Wanderman-{M}ilne and Qiao Zhang},
  title = {{JAX}: composable transformations of {P}ython+{N}um{P}y programs},
  url = {http://github.com/google/jax},
  version = {0.2.5},
  year = {2018},
}

@software{rustgithub,
  title = {The Rust Programming Language},
  url = {http://github.com/rust-lang/rust}
}

@software{ziggithub,
  title = {Zig Programming Language},
  url = {http://github.com/ziglang/zig}
}

@misc{projecteverest,
  title = {Project Everest},
  url = {https://project-everest.github.io/}
}

@misc{gross2021nogil,
  title = {Multithreaded Python without the GIL},
  url = {https://docs.google.com/document/d/18CXhDb1ygxg-YXNBJNzfzZsDFosB5e6BfnXLlejd9l0/edit},
  author = {Sam Gross},
  year = {2021}
}